@online{exemys,
  title  = {Exemys Managed Connectivity},
  year   = {2025},
  url    = {https://www.exemys.com/site/index.shtml},
  note   = {Accedido: 16-Sep-2025}
}
